@misc { mathien1,
  author = {Hugo Mathien},
  title = {European Soccer Database},
  howpublished = {\url{https://www.kaggle.com/hugomathien/soccer}},
  note = {Accessed: 2016-12-10}
}

@misc { cluster1,
  author =  {Robert I. Kabacoff, Ph.D},
  title = {Quick-R -- Cluster Analysis},
  howpublished = {\url{http://www.statmethods.net/advstats/cluster.html}},
  note = {Accessed: 2016-12-10}
}
