@misc {mathien1,
  author = {Hugo Mathien},
  title = {European Soccer Database},
  howpublished = {\url{https://www.kaggle.com/hugomathien/soccer}},
  note = {Accessed: 2016-10-25}
}
